@article{harmeling2003kernel,
	title={Kernel-based nonlinear blind source separation},
	author={Harmeling, Stefan and Ziehe, Andreas and Kawanabe, Motoaki and M{\"u}ller, Klaus-Robert},
	journal={Neural Computation},
	volume={15},
	number={5},
	pages={1089--1124},
	year={2003},
	publisher={MIT Press}
}
@book{comon2010handbook,
	title={Nonlinear Mixtures in Handbook of Blind Source Separation: Independent component analysis and applications},
	author={Ch. Jutten and M. Babaie-Zadeh and J. Karhunen},
	year={2010},
	publisher={Academic press}
}
@inproceedings{hyvarinen2017nonlinear,
	title={Nonlinear {ICA} of temporally dependent stationary sources},
	author={A. Hyvarinen and H. Morioka},
	year={2017},
	organization={International Conference on Artificial Intelligence and Statistics (AISTAT)}
}
@article{babaie2005general,
	title={A general approach for mutual information minimization and its application to blind source separation},
	author={M. Babaie-Zadeh and Ch. Jutten},
	journal={Signal Processing},
	volume={85},
	number={5},
	pages={975--995},
	year={2005},
	publisher={Elsevier}
}
