@article{anantharam2013maximal,
	title={On maximal correlation, hypercontractivity, and the data processing inequality studied by {E}rkip and {C}over},
	author={Anantharam, Venkat and Gohari, Amin and Kamath, Sudeep and Nair, Chandra},
	journal={arXiv preprint arXiv:1304.6133},
	year={2013}
}

@article{genovese2002operating,
	title={Operating characteristics and extensions of the false discovery rate procedure},
	author={Genovese, Christopher and Wasserman, Larry},
	journal={Journal of the Royal Statistical Society: Series B (Statistical Methodology)},
	volume={64},
	number={3},
	pages={499--517},
	year={2002},
	publisher={Wiley Online Library}
}

@article{zou,
	title={How much does your data exploration overfit? controlling bias via information usage},
	author={Russo, Daniel and Zou, James},
	journal={IEEE Transactions on Information Theory},
	volume={66},
	number={1},
	pages={302--323},
	year={2019},
	publisher={IEEE}
}

@article{polyanskiy2016dissipation,
	title={Dissipation of information in channels with input constraints},
	author={Polyanskiy, Y. and Wu, Y.},
	journal={IEEE Transactions on Information Theory},
	volume={62},
	number={1},
	pages={35--55},
	year={2016},
	publisher={IEEE}
}

@inproceedings{kamath2015strong,
	title={The strong data processing constant for sums of iid random variables},
	author={Kamath, S. and Nair, C.},
	booktitle={Information Theory (ISIT), 2015 IEEE International Symposium on},
	pages={2550--2552},
	year={2015},
	organization={IEEE}
}

@article{anantharam2013maximal,
	title={On maximal correlation, hypercontractivity, and the data processing inequality studied by Erkip and Cover},
	author={Anantharam, V. and Gohari, A. and Kamath, S. and Nair, C.},
	journal={arXiv preprint arXiv:1304.6133},
	year={2013}
}

@article{chaudhuri2011differentially,
  title={Differentially private empirical risk minimization},
  author={Chaudhuri, Kamalika and Monteleoni, Claire and Sarwate, Anand D},
  journal={Journal of Machine Learning Research},
  volume={12},
  number={Mar},
  pages={1069--1109},
  year={2011}
}

@article{efron2004least,
  title={Least angle regression},
  author={Efron, Bradley and Hastie, Trevor and Johnstone, Iain and Tibshirani, Robert and others},
  journal={The Annals of statistics},
  volume={32},
  number={2},
  pages={407--499},
  year={2004},
  publisher={Institute of Mathematical Statistics}
}

@article{poggio2004general,
	title={General conditions for predictivity in learning theory},
	author={Poggio, Tomaso and Rifkin, Ryan and Mukherjee, Sayan and Niyogi, Partha},
	journal={Nature},
	volume={428},
	number={6981},
	pages={419--422},
	year={2004},
	publisher={Nature Publishing Group}
}

@article{bousquet2002stability,
	title={Stability and generalization},
	author={Bousquet, Olivier and Elisseeff, Andr{\'e}},
	journal={Journal of Machine Learning Research},
	volume={2},
	number={Mar},
	pages={499--526},
	year={2002}
}

@article{shalev2010learnability,
	title={Learnability, stability and uniform convergence},
	author={Shalev-Shwartz, Shai and Shamir, Ohad and Srebro, Nathan and Sridharan, Karthik},
	journal={Journal of Machine Learning Research},
	volume={11},
	number={Oct},
	pages={2635--2670},
	year={2010}
}


@incollection{bousquet2004introduction,
	title={Introduction to statistical learning theory},
	author={Bousquet, Olivier and Boucheron, St{\'e}phane and Lugosi, G{\'a}bor},
	booktitle={Advanced lectures on machine learning},
	pages={169--207},
	year={2004},
	publisher={Springer}
}

@article{bourgon2010independent,
  title={Independent filtering increases detection power for high-throughput experiments},
  author={Bourgon, Richard and Gentleman, Robert and Huber, Wolfgang},
  journal={Proceedings of the National Academy of Sciences},
  volume={107},
  number={21},
  pages={9546--9551},
  year={2010},
  publisher={National Acad Sciences}
}

@article{mcallester2013pac,
  title={A PAC-{B}ayesian tutorial with a dropout bound},
  author={McAllester, David},
  journal={arXiv preprint arXiv:1307.2118},
  year={2013}
}

@article{wu2016stability,
  title={Stability-driven nonnegative matrix factorization to interpret spatial gene expression and build local gene networks},
  author={Wu, Siqi and Joseph, Antony and Hammonds, Ann S and Celniker, Susan E and Yu, Bin and Frise, Erwin},
  journal={Proceedings of the National Academy of Sciences},
  pages={201521171},
  year={2016},
  publisher={National Acad Sciences}
}

@incollection{bousquet2004introduction,
	title={Introduction to statistical learning theory},
	author={Bousquet, Olivier and Boucheron, St{\'e}phane and Lugosi, G{\'a}bor},
	booktitle={Advanced lectures on machine learning},
	pages={169--207},
	year={2004},
	publisher={Springer}
}

@article{bovier2005extreme,
  title={Extreme values of random processes},
  author={Bovier, Anton},
  journal={Lecture Notes Technische Universit{\"a}t Berlin},
  year={2005}
}

@article{bourgon2010independent,
  title={Independent filtering increases detection power for high-throughput experiments},
  author={Bourgon, Richard and Gentleman, Robert and Huber, Wolfgang},
  journal={Proceedings of the National Academy of Sciences},
  volume={107},
  number={21},
  pages={9546--9551},
  year={2010},
  publisher={National Acad Sciences}
}

@book{gelman2014bayesian,
  title={Bayesian data analysis},
  author={Gelman, Andrew and Carlin, John B and Stern, Hal S and Rubin, Donald B},
  volume={2},
  year={2014},
  publisher={Taylor \& Francis}
}

@inproceedings{dwork2014preserving,
	title={Preserving statistical validity in adaptive data analysis},
	author={Dwork, Cynthia and Feldman, Vitaly and Hardt, Moritz and Pitassi, Toniann and Reingold, Omer and Roth, Aaron},
	booktitle={STOC 2015},
	year={2014},
	organization={ACM}
}

@article{belloni2014inference,
  title={Inference on Treatment Effects after Selection among High-Dimensional Controls},
  author={Belloni, Alexandre and Chernozhukov, Victor and Hansen, Christian},
  journal={Review of Economic Studies},
  volume={81},
  number={287},
  pages={608--650},
  year={2014},
  publisher={Economic History Society}
}

@article{wainwright15,
  title={Basic tail and concentration bounds},
  author={Wainwright, Martin},
  year={2015}
  }

@article{maccoun2015blind,
  title={Blind analysis: Hide results to seek the truth.},
  author={MacCoun, Robert and Perlmutter, Saul},
  journal={Nature},
  volume={526},
  number={7572},
  pages={187--189},
  year={2015}
}

@article{buldygin2013sub,
  title={The sub-Gaussian norm of a binary random variable},
  author={Buldygin, V and Moskvichova, K},
  journal={Theory of Probability and Mathematical Statistics},
  volume={86},
  pages={33--49},
  year={2013}
}

@book{cesa2006prediction,
  title={Prediction, learning, and games},
  author={Cesa-Bianchi, Nicolo and Lugosi, G{\'a}bor},
  year={2006},
  publisher={Cambridge University Press}
}

@article{winnerscurse,
title= {Curses, Winner's and Otherwise, in Genetic Epidemiology },
author = {Kraft, P},
journal = {Epidemiology},
pages = {649-51},
year = {2008}
}


@article{ewasher,
title= {Epigenome-wide association studies without the need for cell-type composition},
author = {Zou, James and Lippert, Christoph and Heckerman, David and Aryee, Martin and Listgarten, Jennifer},
journal = {Nature Methods},
pages = {309-11},
year = {2014}
}

@article{variancefilter,
title= {A filter-based feature selection approach for identifying potential biomarkers for lung cancer},
author = {Lee, I and Lushington, G and Visvanathan, M},
journal = {Journal of Clinical Bioinformatics},
year = {2011}
}

@article{simmons2011false,
  title={False-positive psychology undisclosed flexibility in data collection and analysis allows presenting anything as significant},
  author={Simmons, Joseph P and Nelson, Leif D and Simonsohn, Uri},
  journal={Psychological science},
  pages={0956797611417632},
  year={2011},
  publisher={Sage Publications}
}

@article{ioannidis2005most,
  title={Why most published research findings are false},
  author={Ioannidis, John PA},
  journal={Chance},
  volume={18},
  number={4},
  pages={40--47},
  year={2005},
  publisher={Taylor \& Francis}
}


@inproceedings{hardt2014preventing,
  title={Preventing false discovery in interactive data analysis is hard},
  author={Hardt, Moritz and Ullman, Jonathan},
  booktitle={Foundations of Computer Science (FOCS), 2014 IEEE 55th Annual Symposium on},
  pages={454--463},
  year={2014},
  organization={IEEE}
}


@inproceedings{dwork2015generalization,
	title={Generalization in adaptive data analysis and holdout reuse},
	author={Dwork, Cynthia and Feldman, Vitaly and Hardt, Moritz and Pitassi, Toni and Reingold, Omer and Roth, Aaron},
	booktitle={Advances in Neural Information Processing Systems},
	pages={2350--2358},
	year={2015}
}


@article{dwork2015reusable,
  title={The reusable holdout: Preserving validity in adaptive data analysis},
  author={Dwork, Cynthia and Feldman, Vitaly and Hardt, Moritz and Pitassi, Toniann and Reingold, Omer and Roth, Aaron},
  journal={Science},
  volume={349},
  number={6248},
  pages={636--638},
  year={2015},
  publisher={American Association for the Advancement of Science}
}

@inproceedings{blum2015ladder,
	title={The Ladder: A Reliable Leaderboard for Machine Learning Competitions},
	author={Blum, Avrim and Hardt, Moritz},
	booktitle={International Conference on Machine Learning},
	pages={1006--1014},
	year={2015}
}


@article{javanmard2014confidence,
  title={Confidence intervals and hypothesis testing for high-dimensional regression},
  author={Javanmard, Adel and Montanari, Andrea},
  journal={The Journal of Machine Learning Research},
  volume={15},
  number={1},
  pages={2869--2909},
  year={2014},
  publisher={JMLR. org}
}

@article{Taylor2015,
author = {Taylor, Jonathan and Tibshirani, Robert J.},
title = {Statistical learning and selective inference},
volume = {112},
number = {25},
pages = {7629-7634},
year = {2015},
journal = {Proceedings of the National Academy of Sciences}
}


@article{van2014asymptotically,
  title={On asymptotically optimal confidence regions and tests for high-dimensional models},
  author={Van de Geer, Sara and Buhlmann, Peter and Ritov, Yaacov and Dezeure, Ruben and others},
  journal={The Annals of Statistics},
  volume={42},
  number={3},
  pages={1166--1202},
  year={2014},
  publisher={Institute of Mathematical Statistics}
}

@article{fithian2014optimal,
  title={Optimal inference after model selection},
  author={Fithian, William and Sun, Dennis and Taylor, Jonathan},
  journal={arXiv preprint arXiv:1410.2597},
  year={2014}
}


@article{lee2016exact,
	title={Exact post-selection inference, with application to the lasso},
	author={Lee, Jason D and Sun, Dennis L and Sun, Yuekai and Taylor, Jonathan E and others},
	journal={The Annals of Statistics},
	volume={44},
	number={3},
	pages={907--927},
	year={2016},
	publisher={Institute of Mathematical Statistics}
}

@article{benjamini1995controlling,
  title={Controlling the false discovery rate: a practical and powerful approach to multiple testing},
  author={Benjamini, Yoav and Hochberg, Yosef},
  journal={Journal of the Royal Statistical Society. Series B (Methodological)},
  pages={289--300},
  year={1995},
  publisher={JSTOR}
}

@article{benjamini2001control,
  title={The control of the false discovery rate in multiple testing under dependency},
  author={Benjamini, Yoav and Yekutieli, Daniel},
  journal={Annals of statistics},
  pages={1165--1188},
  year={2001},
  publisher={JSTOR}
}

@article{lockhart2014significance,
  title={A significance test for the lasso},
  author={Lockhart, Richard and Taylor, Jonathan and Tibshirani, Ryan J and Tibshirani, Robert},
  journal={Annals of Statistics},
  volume={42},
  number={2},
  pages={413},
  year={2014},
  publisher={NIH Public Access}
}


@article{taylor2014exact,
  title={Exact post-selection inference for forward stepwise and least angle regression},
  author={Taylor, Jonathan and Lockhart, Richard and Tibshirani, Ryan J and Tibshirani, Robert},
  journal={arXiv preprint arXiv:1401.3889},
  year={2014}
}







@article{chernoff1959sequential,
  title={Sequential design of experiments},
  author={Chernoff, H.},
  journal={The Annals of Mathematical Statistics},
  pages={755--770},
  year={1959},
  publisher={JSTOR}
}



@article{chaloner1995bayesian,
  title={Bayesian experimental design: A review},
  author={Chaloner, K. and Verdinelli, I. and others},
  journal={Statistical Science},
  volume={10},
  number={3},
  pages={273--304},
  year={1995},
  publisher={Institute of Mathematical Statistics}
}


@book{cover2012elements,
  title={Elements of information theory},
  author={Cover, T.M. and Thomas, J.A.},
  year={2012},
  publisher={John Wiley \& Sons}
}

@book{gray2011entropy,
  title={Entropy and information theory},
  author={Gray, R.M.},
  year={2011},
  publisher={Springer}
}



@article{russo2014info,
  title={An Information-Theoretic Analysis of Thompson Sampling},
  author={Russo, D. and Van Roy, B.},
  journal={arXiv preprint arXiv:1403.5341},
  year={2014}
}
@article{mohri2018foundations,
  title={Foundations of machine learning},
  author={Mohri, Mehryar and Rostamizadeh, Afshin and Talwalkar, Ameet},
  year={2018},
  publisher={The MIT Press}
}
