@inproceedings{petr,
	title={Independent component analysis through direct estimation of the mutual information},
	author={Darbellay, Georges A}
	journal={Independent Component Analysis (ICA) 2000}
}

@article{cellucci2005statistical,
	title={Universal estimation of information measures for analog sources},
	author={Wang, Qing and Kulkarni, Sanjeev R and Verd{\'u}, Sergio and others},
	journal={Foundations and Trends{\textregistered} in Communications and Information Theory},
	volume={5},
	number={3},
	pages={265--353},
	year={2009},
	publisher={Now Publishers, Inc.}
}

@article{wang2009universal,
	title={Statistical validation of mutual information calculations: Comparison of alternative numerical algorithms},
	author={Cellucci, Christopher J and Albano, Alfonso M and Rapp, Paul E},
	journal={Physical Review E},
	volume={71},
	number={6},
	pages={066208},
	year={2005},
	publisher={APS}
}

@incollection{yeung2008blahut,
	title={The Blahut--Arimoto Algorithms},
	author={Yeung, Raymond W},
	booktitle={Information Theory and Network Coding},
	pages={211--228},
	year={2008},
	publisher={Springer}
}

